@article{51,
    title = {On the classification of routing protocols in mobile ad hoc networks},
    author = {J. Haerri and C. Bonnet},
    year = {RR-04-115, August 2004},
    journal = {EURECOM},
}
@article{105,
    title = {Design Issues on on tree based aggregation algorithms in wireless sensor networks},
    author = {A. Sivagami et al.},
    year = {Vol. 2, pp. 449-462, 2008},
    journal = {Int'l. Journal ITKM},
}
@article{62,
    title = {Performance evaluation of routing protocols in wireless sensor network},
    author = {L. Almazaydeh et al.},
    year = {Vol. 2, pp. 64-73, 2010},
    journal = {Int'l. Journal CSIT},
}
@article{130,
    title = {Shortest path routing protocol for multi-layer mobile wireless sensor networks},
    author = {Z.-F. Duan et al.},
    year = {pp. 106-110, 2009},
    journal = {Proc. ICNSWCTC},
}
@article{110,
    title = {A color theory based energy efficient routing algorithm for mobile wireless sensor networks},
    author = {T.-J. Chang et al},
    year = {Volume 52, pp. 531-541, 2008},
    journal = {Int'l. Journal CNC},
}
@article{117,
    title = {Robust cooperative routing protocol in mobile wireless sensor networks},
    author = {X. Huang et al},
    year = {Vol 7, pp. 5278-5285, 2008},
    journal = {IEEE Trans. Wireless Comm.},
}
@article{graphs,
    title = {Building a Reference Combinatorial Model for MANETs},
    author = {A. Ferreira},
    year = {Sept/Oct 2004},
    journal = {IEEE Network},
}

@article{16,
    title = {Routing in Delay Tolerant Network},
    author = {S. Jain et al},
    year = {Portland, Oregon, 2004},
    journal = {ACM SIGCOM '04},
}


@article{24,
    title = {Tracking Highly Mobile Endpoints},
    author = {F. Tchakountio and R. Ramanathan},
    year = {July 2001, Rome, Italy},
    journal = {Proc. WowMoM '01},
}


@article{49,
    title = {A Mobility-based Framework for Adaptative Clustering in Wireless Ad Hoc Network},
    author = {A. B. McDonald and T. Znati},
    year = {Aug. 1999},
    journal = {IEEE JSAC},
}

@article{26,
    title = {Wearable Computers as Packet Transport Mechanisms in Highly-Partitioned Ad Hoc Networks},
    author = {A. Davids, A.H. Fagg and B. N. Levine},
    year = {Zurich, Oct. 2001},
    journal = {Proc. Int'l. Symp. Wearable Comp.},
}


@article{11,
    title = {Energy-Efficient Computing for Wildlife Tracking: Design Tradeoffs and Early Experiences with ZebraNet},
    author = {P. Juang et al},
    year = {Oct. 2002},
    journal = {Proc. ASPLOS},
}


@article{challenged,
    title = {A delay-tolerant network architecture for challenged internets},
    author = {Kevin Fall},
    year = {Pages 27-34, 2003},
    journal = {Proc. of SIGCOMM '03},
}

@article{mac,
    title = {Exploiting Path Diversity in the Link Layer in Wireless Ad Hoc Networks},
    author = {S. Jain, S. Das},
    year = {2005},
    journal = {Proc. of the 6th IEEE WoWMoM Symposium},
}

@article{op,
    title = {Geographic random forwarding (GeRaF) for ad hoc and sensor networks: energy and latency performance},
    author = {M. Zorzi, R. R. Rao},
    year = {Vol. 2, Issue 4, Oct. 2003},
    journal = {IEEE Transactions on Mobile Computing},
}

@article{epidemic,
    title = {Epidemic routing for partially connected ad hoc networks},
    author = {Amin Vahdat and David Becker},
    year = {Department of Computer Science, Duke University, April 2000},
    journal = {Technical Report CS-2000-06},
}


@article{agric,
    title = {NCOME: Practical Land Monitoring in Precision Agriculture with Sensor Networks},
    author = {S.Li et al},
    year = {Vol. 35, Issue 4 2013, pp. 459-467},
    journal = {Comp. Commun.},
}

@article{struct,
    title = {A Holistic Approach to Decentralized Structural Damage Localization Using Wireless Sensor Networks},
    author = {G. Hackmann et al},
    year = {Vol. 36, Issue 1, 2013, pp. 29-41},
    journal = {Comp. Commun.},
}

@article{multi,
    title = {Mobile Ad Hoc Networking --- Cutting Edge Directions},
    author = {S. Basagni et al.},
    year = {2013},
    journal = {IEEE Press and Wiley},
}

@article{teo1,
    title = {The Capacity of Wireless Networks},
    author = {P. Gupta and P. R. Kumar},
    year = {Vol 46, No. 2, 2000, pp. 388-404},
    journal = {IEEE Trans. Info. Theory IT},
}

@article{teo2,
    title = {Mobility Increases the Capacity of Ad Hoc Wireless Networks},
    author = {M. Grossglauser and D. N. C. Tse},
    year = {Vol 10, No. 4, 2002, pp. 477-486},
    journal = {IEEE/ACM Trans. Net.},
}

@article{teolimit,
  title={Rethinking Information Theory for Mobile Ad Hoc Networks},
  author={Jeff Andrews et al},
  year={2013},
  volume={46},
  journal={IEEE Communications Magazine}
}

@article{manetchal2,
    title = {Challenges in Mobile Ad Hoc Networking},
    author = {S. Giordano and W. Lu},
    year = {Vol 39, No. 6, 2001},
    journal = {IEEE Communications Magazine},
}


@article{manetchal1,
    title = {Mobile Ad Hoc Networking: Imperatives and Challenges},
    author = {I. Chlamtac, M. Conti and J. Liu},
    year = {Vol. 1, No. 1, Jan-Feb-Mar 2003},
    journal = {Ad Hoc Network Journal},
}

@article{mule1,
    title = {Data MULEs: Modeling a Three-tier Architecture for Sparse Sensor Networks},
    author = {R. C. Shah, S. Roy, S. Jain, and W. Brunette},
    year = {May 2003, pp. 30- 41},
    journal = {Proc. IEEE SNPA 2003},
}

@article{mulemob,
    title = {Using Predictable Observer Mobility for Power Efficient Design of Sensor Networks},
    author = {A. Chakrabarti, A. Sabharwal, and B. Aazhang},
    year = {Palo Alto, USA, 2003},
    journal = {Proc. IPSN 2003},
}


@article{mulewindow,
    title = {An Adaptive Data-transfer Protocol for Sensor Networks with Data Mules},
    author = {G. Anastasi, M. Conti, E. Monaldi, and A. Passarella},
    year = {Helsinki (Finland), June 18-21, 2007},
    journal = {Proc. IEEE WoWMoM 2007},
}


@article{mulestopwait,
    author = {A. Somasundara, A. Kansal, D. Jea, D. Estrin, and M.Srivastava},
    title = {Controllably Mobile Infrastructure for Low Energy Embedded Networks},
    year = {Vol. 5, No. 8, August 2006},
    journal = {IEEE Transactions on Mobile Computing},
}

@article{muleloss,
    title = {Motes Sensor Networks in Dynamic Scenarios},
    author = {G. Anastasi, M. Conti, E. Gregori, C. Spagoni, and G.Valente},
    year = {Vol. 1, No. 1, April 2007},
    journal = {nternational Journal of Ubiquitous Computing and Intelligence},
}

@article{datamule1,
    title = {Exploiting Mobility for Energy Efficient Data Collection in Wireless Sensor Networks},
    author = {S. Jain, R. Shah, W. Brunette, G. Borriello, and S. Roy},
    year = {Vol. 11, No. 3, June 2006, pp. 327-339.},
    journal = {ACM/Springer Mobile Networks and Applications},
}

@article{int1,
    title = {Multiple Controlled Mobile Elements (Data Mules) for Data Collection in Sensor Networks},
    author = {D. Jea, A. Somasundra, and M. Srivastava},
    year = {Marina del Rey, USA, 2005},
    journal = {Proc. IEEE DCOSS 2005},
}
@article{survey1,
  title={Mobile Ad Hoc Networking: Milestones, Challenges and New Research Directions},
  author={Marco Conti and Silvia Giordano},
  year={January 2014},
  journal={IEEE Communications Magazine}
}

@article{survey2,
  title={Routing in mobile wireless sensor network: a survey},
  author={Getsy S. Sara and D. Sridharan},
  year={2014},
  volume={57},
  journal={Journal of Telecommunication Systems}
}

@article{surveydtn,
  title={Routing in intermittently connected mobile ad hoc networks and delay tolerant networks: overview and challenges},
  author={Zhensheng Zhang},
  year={1st Quarter 2006},
  volume={8, No. 1},
  journal={IEEE Comm. Surveys and Tutorials}
}

@article{morikawa1,
  title={Low-Power, End-to-End Reliable Collection using Glossy for Wireless Sensor Network},
  author={M. Suzuki et al},
  year={2013},
  journal={Proceedings of IEEE 77th Vehicular Technology Conference}
}

@article{morikawa2,
  title={Distributed Spectrum Sensing Utilizing Heterogeneous Wireless Devices and Measurement Equipment},
  author={Junichi Naganawa et al},
  year={2011},
  journal={Proceedings of IEEE International Symposium DySPAN}
}

@article{lv1,
  title={Research of Opportunistic Routing Protocol in Wearable Sensor Network},
  author={Xiaoxing Lv et al},
  year={2010},
  journal={Asia-Pacific Conference on Wearable Computing Systems}
}

@article{zhang1,
  title={Routing in intermittently connected mobile ad hoc networks and delay tolerant networks: overview and challenges},
  author={Zhensheng Zhang},
  year={2007},
  volume={8}
  journal={IEEE Communications Surveys and Tutorials}
}

@article{liliana,
  title={Cluster based routing protocol for mobile sensor networks},
  author={Arboleda, L. and Nasser, N.},
  year={2006},
  journal={Third international conference on Quality of Service in heterogeneous wired/wireless networks, Canada.}
}

@inproceedings{theone,
 author = {Ari Ker\"{a}nen and J\"{o}rg Ott and Teemu K\"{a}rkk\"{a}inen},
 title = {{The ONE Simulator for DTN Protocol Evaluation}},
 booktitle = {SIMUTools '09: Proceedings of the 2nd International Conference on Simulation Tools and Techniques},
 year = {2009},
 location = {Rome, Italy},
}