%per
@article{per,
 author = {Lindgren, Anders and Doria, Avri and Schel{\'e}n, Olov},
 title = {Probabilistic Routing in Intermittently Connected Networks},
 journal = {SIGMOBILE Mob. Comput. Commun. Rev.},
 issue_date = {July 2003},
 volume = {7},
 number = {3},
 month = jul,
 year = {2003},
 issn = {1559-1662},
 pages = {19--20},
 numpages = {2},
 url = {http://doi.acm.org/10.1145/961268.961272},
 doi = {10.1145/961268.961272},
 acmid = {961272},
 publisher = {ACM},
 address = {New York, NY, USA}
} 

%mprop
@INPROCEEDINGS{mprop,
author = {John Burgess and Brian Gallagher and David Jensen and Brian Neil Levine},
title = {MaxProp: Routing for Vehicle-Based Disruption-Tolerant Networks},
booktitle = {In Proc. IEEE INFOCOM},
year = {2006}
}

%9s sandw
@inproceedings{sandw,
 author = {Spyropoulos, Thrasyvoulos and Psounis, Konstantinos and Raghavendra, Cauligi S.},
 title = {Spray and Wait: An Efficient Routing Scheme for Intermittently Connected Mobile Networks},
 booktitle = {Proceedings of the 2005 ACM SIGCOMM Workshop on Delay-tolerant Networking},
 series = {WDTN '05},
 year = {2005},
 isbn = {1-59593-026-4},
 location = {Philadelphia, Pennsylvania, USA},
 pages = {252--259},
 numpages = {8},
 url = {http://doi.acm.org/10.1145/1080139.1080143},
 doi = {10.1145/1080139.1080143},
 acmid = {1080143},
 publisher = {ACM},
 address = {New York, NY, USA}
 } 

%10s sandf
@INPROCEEDINGS{sandf,
    author = {Thrasyvoulos Spyropoulos},
    title = {Spray and focus: Efficient mobility-assisted routing for heterogeneous and correlated mobility},
    booktitle = {In Proceedings of IEEE PerCom Workshop on Intermittently Connected Mobile Ad Hoc Networks},
    year = {2007}
}

%rapid
@article{rapid,
 author = {Balasubramanian, Aruna and Levine, Brian and Venkataramani, Arun},
 title = {DTN Routing As a Resource Allocation Problem},
 journal = {SIGCOMM Comput. Commun. Rev.},
 issue_date = {October 2007},
 volume = {37},
 number = {4},
 month = aug,
 year = {2007},
 issn = {0146-4833},
 pages = {373--384},
 numpages = {12},
 url = {http://doi.acm.org/10.1145/1282427.1282422},
 doi = {10.1145/1282427.1282422},
 acmid = {1282422},
 publisher = {ACM},
 address = {New York, NY, USA}
 } 

%rapid2
@inproceedings{rapid2,
author = {Jiang, Yurong and Li, Yong and Zhou, Liang and Jin, Depeng and Su, Li and Zeng, Lieguang},
booktitle = {2010 INFOCOM IEEE Conference on Computer Communications Workshops},
doi = {10.1109/infcomw.2010.5466628},
isbn = {978-1-4244-6739-6},
keywords = {dtn, energy, for:theshadowhost, forwarding, opportunistic-networks},
location = {San Diego, CA, USA},
month = mar,
pages = {1--2},
publisher = {IEEE},
title = {Optimal Opportunistic Forwarding with Energy Constraint for {DTN}},
year = {2010}
}

%bubble
@inproceedings{bubble,
 author = {Hui, Pan and Crowcroft, Jon and Yoneki, Eiko},
 title = {Bubble Rap: Social-based Forwarding in Delay Tolerant Networks},
 booktitle = {Proceedings of the 9th ACM International Symposium on Mobile Ad Hoc Networking and Computing},
 series = {MobiHoc '08},
 year = {2008},
 isbn = {978-1-60558-073-9},
 location = {Hong Kong, Hong Kong, China},
 pages = {241--250},
 numpages = {10},
 url = {http://doi.acm.org/10.1145/1374618.1374652},
 doi = {10.1145/1374618.1374652},
 acmid = {1374652},
 publisher = {ACM},
 address = {New York, NY, USA},
 keywords = {centrality, community, delay tolerant network, forwarding, pocket switched network, social network}
} 

%epidemic
@TECHREPORT{epidemic,
    author = {Amin Vahdat and David Becker},
    title = {Epidemic Routing for Partially-Connected Ad Hoc Networks},
    institution = {},
    year = {2000}
}

%prophet
@article{prophet,
 author = {Lindgren, Anders and Doria, Avri and Schel{\'e}n, Olov},
 title = {Probabilistic Routing in Intermittently Connected Networks},
 journal = {SIGMOBILE Mob. Comput. Commun. Rev.},
 issue_date = {July 2003},
 volume = {7},
 number = {3},
 month = jul,
 year = {2003},
 issn = {1559-1662},
 pages = {19--20},
 numpages = {2},
 url = {http://doi.acm.org/10.1145/961268.961272},
 doi = {10.1145/961268.961272},
 acmid = {961272},
 publisher = {ACM},
 address = {New York, NY, USA},
} 

%crhc
@INPROCEEDINGS{crhc, 
author={Daowen Hua and Xuehui Du and Yanbin Qian and Shaoge Yan}, 
booktitle={Computational Intelligence and Security, 2009. CIS '09. International Conference on}, 
title={A DTN Routing Protocol Based on Hierarchy Forwarding and Cluster Control}, 
year={2009}, 
month={Dec}, 
volume={2}, 
pages={397-401}}

%solar
@article{solar,
 author = {Ghosh, Joy and Philip, Sumesh J. and Qiao, Chunming},
 title = {Sociological Orbit Aware Location Approximation and Routing (SOLAR) in MANET},
 journal = {Ad Hoc Netw.},
 issue_date = {March, 2007},
 volume = {5},
 number = {2},
 month = mar,
 year = {2007},
 issn = {1570-8705},
 pages = {189--209},
 numpages = {21},
 url = {http://dx.doi.org/10.1016/j.adhoc.2005.10.003},
 doi = {10.1016/j.adhoc.2005.10.003},
 acmid = {1222916},
 publisher = {Elsevier Science Publishers B. V.},
 address = {Amsterdam, The Netherlands, The Netherlands}} 
 
%scar
@inproceedings{scar,
 author = {Mascolo, Cecilia and Musolesi, Mirco},
 title = {SCAR: Context-aware Adaptive Routing in Delay Tolerant Mobile Sensor Networks},
 booktitle = {Proceedings of the 2006 International Conference on Wireless Communications and Mobile Computing},
 series = {IWCMC '06},
 year = {2006},
 isbn = {1-59593-306-9},
 location = {Vancouver, British Columbia, Canada},
 pages = {533--538},
 numpages = {6},
 url = {http://doi.acm.org/10.1145/1143549.1143656},
 doi = {10.1145/1143549.1143656},
 acmid = {1143656},
 publisher = {ACM},
 address = {New York, NY, USA},
 keywords = {adaptive routing, buffer management, delay tolerant networks, mobile sinks, sensor networks, time series forecasting},
} 

%scar2
@INPROCEEDINGS{scar2, 
author={Pasztor, B. and Musolesi, M. and Mascolo, C.}, 
booktitle={Mobile Adhoc and Sensor Systems, 2007. MASS 2007. IEEE International Conference on}, 
title={Opportunistic Mobile Sensor Data Collection with SCAR}, 
year={2007}, 
month={Oct}, 
pages={1-12}}

%mprop2
@INPROCEEDINGS{scar2, 
author={Mehto, Anjula and Chawla, Meenu}, 
booktitle={Conference on Advances in Communication and Control Systems 2013 (CAC2S 2013)}, 
title={Comparing Delay Tolerant Network Routing Protocols for Optimizing L-Copies in Spray and
Wait Routing for Minimum Delay}, 
year={2013}}

%bubble28
@article{bubble28,
  author = {G. Palla, I. Derenyi, et al.},
  journal = {Nature},
  number = 435(7043),
  numpages = {814â€“818},
  title = {Uncovering the overlapping
community structure of complex networks in nature and
society},
  year = 2005
}

%bubble24
@article{bubble24,
  added-at = {2010-04-28T06:56:32.000+0200},
  author = {Newman, M. E. J.},
  biburl = {http://www.bibsonomy.org/bibtex/246b762f4dd718649d5024ead4b6fdf06/folke},
  description = {Phys. Rev. E 70, 056131 (2004): Analysis of weighted networks},
  doi = {10.1103/PhysRevE.70.056131},
  interhash = {5e36ff53e9fd2c58615a38b5ef708a19},
  intrahash = {46b762f4dd718649d5024ead4b6fdf06},
  journal = {Phys. Rev. E},
  keywords = {COMMUNE community detection graphs modularity networks weighted},
  month = nov,
  number = 5,
  numpages = {9},
  pages = 056131,
  publisher = {American Physical Society},
  timestamp = {2010-04-28T06:56:32.000+0200},
  title = {Analysis of weighted networks},
  url = {http://pre.aps.org/abstract/PRE/v70/i5/e056131},
  volume = 70,
  year = 2004
}
%rapid19
@MISC{rapid19,
    author = {Proportional Fairness},
    title = {Rate control for communication networks: shadow},
    year = {}
}

%plankton
@INPROCEEDINGS{plankton, 
author={Xiang Fa Guo and Mun Choon Chan}, 
booktitle={Sensor, Mesh and Ad Hoc Communications and Networks (SECON), 2013 10th Annual IEEE Communications Society Conference on}, 
title={Plankton: An efficient DTN routing algorithm}, 
year={2013}, 
month={June}, 
pages={550-558}}

%smart
@article{smart,
 author = {Tang, Lei and Zheng, Qunwei and Liu, Jun and Hong, Xiaoyan},
 title = {Selective Message Forwarding in Delay Tolerant Networks},
 journal = {Mob. Netw. Appl.},
 issue_date = {August    2009},
 volume = {14},
 number = {4},
 month = aug,
 year = {2009},
 issn = {1383-469X},
 pages = {387--400},
 numpages = {14}} 
 
 %baraona
@thesis{baraona,
title = {Comportamiento de vetillas de la mina El Teniente sometidas a ensayos de traccion directa},
author = {Karen Rocio Baraona Lioi},
university = {Universidad de Chile},
year = {January 2013}
}